
@article{zhang_fourth-order_2012,
	title = {A fourth-order accurate finite-volume method with structured adaptive mesh refinement for solving the advection-diffusion equation},
	volume = {34},
	number = {2},
	journal = {SIAM Journal on Scientific Computing},
	author = {Zhang, Qinghai and Johansen, Hans and Colella, Phillip},
	year = {2012},
	note = {Publisher: SIAM},
	pages = {B179--B201},
	
}

@article{oosterlee_evaluation_1998,
	title = {An evaluation of parallel multigrid as a solver and a preconditioner for singularly perturbed problems},
	volume = {19},
	number = {1},
	journal = {SIAM Journal on Scientific Computing},
	author = {Oosterlee, Cornelis W. and Washio, Takumi},
	year = {1998},
	note = {Publisher: SIAM},
	pages = {87--110},
}

@article{guy_multigrid_2012,
	title = {A multigrid method for a model of the implicit immersed boundary equations},
	volume = {12},
	number = {2},
	journal = {Communications in Computational Physics},
	author = {Guy, Robert D. and Philip, Bobby},
	year = {2012},
	note = {Publisher: Cambridge University Press},
	pages = {378--400},
}

@article{zhang_fourth-order_2014,
	title = {A fourth-order approximate projection method for the incompressible {Navier}â€“{Stokes} equations on locally-refined periodic domains},
	volume = {77},
	journal = {Applied Numerical Mathematics},
	author = {Zhang, Qinghai},
	year = {2014},
	note = {Publisher: Elsevier},
	pages = {16--30},
}
